<Doc xmlns:gs2="http://www.greenstone.org/gs2" file="HASH7c57\5f57a57c\fb45ab00\33s30.dir\doc.xml"  gs2:docOID="HASH7c575f57a57cfb45ab0033s30" gs2:mode="add">

<Sec  gs2:docOID="HASH7c575f57a57cfb45ab0033s30" gs2:mode="add">
&lt;pre&gt;
 LDR 01093cjm  22003137a 4500
001     5726097
005     19970702113207.9
007     sdubumennmpluu
008     950106q19601969xxuuun              eng  
035    _9 (DLC)   94767779
906    _a 7
       _b cbc
       _c orignew
       _d 3
       _e ncip
       _f 19
       _g y-genmusic
955    _a vk15
010    _a    94767779 
028 00 _a 4347B
       _b More
035    _a (OCoLC)31773455 
040    _a DLC
       _c DLC
       _d DLC
050 00 _a More 4347B
245 00 _a Get back session
       _h [sound recording].
260    _a [United States?] :
       _b More,
       _c [196-?]
300    _a 1 sound disc :
       _b analog, 33 1/3 rpm ;
       _c 12 in.
511 0  _a The Beatles, vocal and instrumental ensemble.
505 0  _a Maxwell's silver hammer -- Besame mucho -- Two of us --
 One after 909 -- Shake, rattle &amp; roll -- Get back -- Dig a pony
 -- Whole lotta shakin' -- Suzie parker -- I me mine -- Dig a
 pony -- Paul raps -- Let it be.
500    _a Brief record.
650  0 _a Rock music
       _y To 1961.
650  0 _a Rock music
       _y 1961-1970.
710 2  _a Beatles.
       _4 prf
953    _a TA28
985    _a 9501
991    _b c-RecSound
       _h More 4347B
       _w MUSIC
&lt;/pre&gt;
 
</Sec>


</Doc>
